
@book{latex,
  title = {LaTeX : A Documentation Preparation System User's Guide and Reference Manual},
  publisher = {Addison-Wesley Professional},
  year = {1994},
  author = {Leslie Lamport}
}


@unpublished{mueller2024,
  title={B-Trees Are Back: Engineering Fast and Pageable Node Layouts [Experiment, Analysis & Benchmark]},
  author={M{\"u}ller, Marcus and Benson, Lawrence and Leis, Viktor},
  note={unpublished},
}

@inproceedings{ogbtree,
  title={Organization and maintenance of large ordered indices},
  author={Bayer, R. and McCreight, E.},
  booktitle={Proceedings of the 1970 ACM SIGFIDET (Now SIGMOD) Workshop on Data Description, Access and Control - SIGFIDET '70},
  month={July},
  year={1970},
  organization={Boeing Scientific Research Laboratories},
  pages={107},
}

@article{modernbtree,
  title={Modern B-Tree Techniques},
  author={Graefe, Goetz},
  journal={Foundations and Trends in Databases},
  volume={3},
  number={4},
  year={2010},
  pages={203--402},
  publisher={Now Publishers},
  doi={10.1561/1900000028}
}

@misc{btreeexample,
author = {Robert Horvick},
title = {B-tree - Data Structures Succinctly Part 2},
howpublished = {\url{https://www.syncfusion.com/succinctly-free-ebooks/datastructurespart2/b-tree}},
month = {7},
year = {2014},
note = {(Accessed on 02/16/2024)}
}

@misc{b+treeexample,
author = {ianurag},
title = {What is B+ Tree | B+ Tree meaning - GeeksforGeeks},
howpublished = {\url{https://www.geeksforgeeks.org/what-is-b-plus-tree-b-plus-tree-meaning/}},
month = {03},
year = {2023},
note = {(Accessed on 02/16/2024)}
}

@misc{wikib+tree,
title = {Example of a simple B+ Tree with 7 key entries pointing to data d1 to d7.},
author = {{Grundprinzip}},
note = {CC BY 3.0, \url{https://commons.wikimedia.org/w/index.php?curid=10758840}},
month = {06},
year = {2010},
}

@misc{nohup1Li95:online,
author = {},
title = {nohup(1) - Linux manual page},
howpublished = {\url{https://man7.org/linux/man-pages/man1/nohup.1.html}},
month = {},
year = {},
note = {(Accessed on 02/23/2024)}
}

@misc{poetry:online,
author = {},
title = {Poetry - Python dependency management and packaging made easy},
howpublished = {\url{https://python-poetry.org/docs/}},
month = {},
year = {},
note = {(Accessed on 02/23/2024)}
}

@misc{jupyter:online,
author = {},
title = {Project Jupyter | Home},
howpublished = {\url{https://jupyter.org/}},
month = {},
year = {},
note = {(Accessed on 02/23/2024)}
}

@misc{pandasdo55:online,
author = {},
title = {pandas documentation — pandas 2.2.0 documentation},
howpublished = {\url{https://pandas.pydata.org/docs/}},
month = {},
year = {},
note = {(Accessed on 02/23/2024)}
}

@misc{scikitle99:online,
author = {},
title = {scikit-learn: machine learning in Python — scikit-learn 1.4.1 documentation},
howpublished = {\url{https://scikit-learn.org/stable/}},
month = {},
year = {},
note = {(Accessed on 02/23/2024)}
}

@book{murphy2012machine,
  title={Machine Learning: a Probabilistic Perspective},
  author={Murphy, Kevin P.},
  year={2012},
  publisher={MIT Press}
}

@book{bishopML,
  title={Pattern Recognition and Machine Learning},
  author={Bishop, Christopher M.},
  year={2006},
  publisher={Springer New York, NY},
  isbn={978-0-387-31073-2}
}


@inproceedings{ycsb,
  author    = {Brian F. Cooper and Adam Silberstein and Erwin Tam and Raghu Ramakrishnan and Russell Sears},
  title     = {Benchmarking Cloud Serving Systems with YCSB},
  booktitle = {Proceedings of the ACM Symposium on Cloud Computing (SoCC'10)},
  year      = {2010},
  month     = {June},
  doi       = {10.1145/1807128.1807152},
  publisher = {Association for Computing Machinery},
  address   = {Indianapolis, Indiana, USA},
  pages     = {143--154},
  isbn      = {978-1-4503-0036-0},
  url       = {https://doi.org/10.1145/1807128.1807152},
}

@article{joseph2022optimal,
  title={Optimal ratio for data splitting},
  author={Joseph, V. R.},
  journal={Stat. Anal. Data Min.: ASA Data Sci. J.},
  volume={15},
  year={2022},
  pages={531--538},
  doi={10.1002/sam.11583},
}


@book{salkind2011statistics,
  author    = {Salkind, Neil J.},
  title     = {Statistics for People Who (Think They) Hate Statistics},
  edition   = {4th},
  publisher = {Sage Publications},
  address   = {Thousand Oaks, California, USA},
  year      = {2011},
  isbn      = {9781412979597},
}

@book{papoulis2002probability,
  author    = {Papoulis, Athanasios and Pillai, S. Unnikrishna},
  title     = {Probability, Random Variables, and Stochastic Processes},
  edition   = {4th, international ed.},
  publisher = {McGraw-Hill},
  address   = {Boston, USA},
  year      = {2002},
  isbn      = {9780072817256},
  pages     = {250--251}
}

@misc{sklearnm19:online,
author = {},
title = {sklearn.metrics.accuracy\_score — scikit-learn 1.4.1 documentation},
howpublished = {\url{https://scikit-learn.org/stable/modules/generated/sklearn.metrics.accuracy_score.html}},
month = {},
year = {},
note = {(Accessed on 02/29/2024)}
}

@book{zhou2021machine,
  title={Machine Learning},
  author={Zhou, Zhi-Hua},
  year={2021},
  publisher={Springer Singapore},
  edition={1},
  isbn={978-981-15-1967-3},
  doi={10.1007/978-981-15-1967-3},
}

@misc{sklearnt33:online,
author = {},
title = {sklearn.tree.DecisionTreeClassifier — scikit-learn 1.4.1 documentation},
howpublished = {\url{https://scikit-learn.org/stable/modules/generated/sklearn.tree.DecisionTreeClassifier.html}},
month = {},
year = {},
note = {(Accessed on 03/01/2024)}
}

@misc{sklearne64:online,
author = {},
title = {sklearn.ensemble.RandomForestClassifier — scikit-learn 1.4.1 documentation},
howpublished = {\url{https://scikit-learn.org/stable/modules/generated/}\\
              \url{sklearn.ensemble.RandomForestClassifier.html}},
month = {},
year = {},
note = {(Accessed on 03/02/2024)}
}

@misc{117Neura38:online,
author = {},
title = {1.17. Neural network models (supervised) — scikit-learn 1.4.1 documentation},
howpublished = {\url{https://scikit-learn.org/stable/modules/neural_networks_supervised.html}},
month = {},
year = {},
note = {(Accessed on 03/02/2024)}
}

@misc{sklearnp90:online,
author = {},
title = {sklearn.preprocessing.StandardScaler — scikit-learn 1.4.1 documentation},
howpublished = {\url{https://scikit-learn.org/stable/modules/generated/sklearn.preprocessing.StandardScaler.html}},
month = {},
year = {},
note = {(Accessed on 03/02/2024)}
}

@misc{kingma2017adam,
      title={Adam: A Method for Stochastic Optimization}, 
      author={Diederik P. Kingma and Jimmy Ba},
      year={2017},
      eprint={1412.6980},
      archivePrefix={arXiv},
      primaryClass={cs.LG}
}

@misc{Logistic19:online,
author = {},
title = {Logistic Regression in Machine Learning - Javatpoint},
howpublished = {\url{https://www.javatpoint.com/logistic-regression-in-machine-learning}},
month = {},
year = {},
note = {(Accessed on 03/02/2024)}
}

@misc{sklearnl39:online,
author = {},
title = {sklearn.linear\_model.LogisticRegressionCV — scikit-learn 1.4.1 documentation},
howpublished = {\url{https://scikit-learn.org/stable/modules/generated/sklearn.linear_model.LogisticRegressionCV.html}},
month = {},
year = {},
note = {(Accessed on 03/03/2024)}
}

@misc{CrossVal0:online,
author = {},
title = {Cross Validation in Machine Learning - GeeksforGeeks},
howpublished = {\url{https://www.geeksforgeeks.org/cross-validation-machine-learning/}},
month = {},
year = {},
note = {(Accessed on 03/03/2024)}
}

@misc{sklearnm99:online,
author = {},
title = {sklearn.metrics.r2\_score — scikit-learn 1.4.1 documentation},
howpublished = {\url{https://scikit-learn.org/stable/modules/generated/sklearn.metrics.r2_score.html}},
month = {},
year = {},
note = {(Accessed on 03/03/2024)}
}


@misc{Understa37:online,
author = {Alto, Valentina},
title = {Understanding Ordinary Least Squares (OLS) Regression | Built In},
howpublished = {\url{https://builtin.com/data-science/ols-regression}},
month = {},
year = {},
note = {(Accessed on 03/03/2024)}
}

@misc{11Linear83:online,
author = {},
title = {1.1. Linear Models — scikit-learn 1.4.1 documentation},
howpublished = {\url{https://scikit-learn.org/stable/modules/linear_model.html}},
month = {},
year = {},
note = {(Accessed on 03/03/2024)}
}

@misc{110Decis87:online,
author = {},
title = {1.10. Decision Trees — scikit-learn 1.4.1 documentation},
howpublished = {\url{https://scikit-learn.org/stable/modules/tree.html}},
month = {},
year = {},
note = {(Accessed on 03/03/2024)}
}

@misc{sklearne87:online,
author = {},
title = {sklearn.ensemble.RandomForestRegressor — scikit-learn 1.4.1 documentation},
howpublished = {\url{https://scikit-learn.org/stable/modules/generated/}\\
                     \url{sklearn.ensemble.RandomForestRegressor.html}},
month = {},
year = {},
note = {(Accessed on 03/03/2024)}
}

@article{gradientBoosting,
author = {Zhang, Tao and Lin, Wuyin and Vogelmann, Andrew and Zhang, Minghua and Xie, Shaocheng and Qin, Yi and Golaz, Jean‐Christophe},
year = {2021},
month = {05},
pages = {},
title = {Improving Convection Trigger Functions in Deep Convective Parameterization Schemes Using Machine Learning},
volume = {13},
journal = {Journal of Advances in Modeling Earth Systems},
doi = {10.1029/2020MS002365}
}

@misc{sklearne30:online,
author = {},
title = {sklearn.ensemble.GradientBoostingClassifier — scikit-learn 1.4.1 documentation},
howpublished = {\url{https://scikit-learn.org/stable/modules/generated/}\\
                     \url{sklearn.ensemble.GradientBoostingClassifier.html}},
month = {},
year = {},
note = {(Accessed on 03/03/2024)}
}

@misc{AllYouNe72:online,
author = {Masui, Tomonori},
title = {All You Need to Know about Gradient Boosting Algorithm - Part 1. Regression | by Tomonori Masui | Towards Data Science},
howpublished = {\url{https://towardsdatascience.com/all-you-need-to-know-about-gradient-boosting-algorithm-part-1-regression-2520a34a502}},
month = {},
year = {},
note = {(Accessed on 03/03/2024)}
}

@misc{Apriorim11:online,
author = {},
title = {Apriori - mlxtend},
howpublished = {\url{https://rasbt.github.io/mlxtend/user_guide/frequent_patterns/apriori/}},
month = {},
year = {},
note = {(Accessed on 03/04/2024)}
}


@misc{Associat99:online,
author = {},
title = {Association rules - mlxtend},
howpublished = {\url{https://rasbt.github.io/mlxtend/user_guide/frequent_patterns/association_rules/}},
month = {},
year = {},
note = {(Accessed on 03/03/2024)}
}

@misc{Frequent45:online,
author = {},
title = {Frequent Pattern Mining in Data Mining - GeeksforGeeks},
howpublished = {\url{https://www.geeksforgeeks.org/frequent-pattern-mining-in-data-mining/}},
month = {},
year = {},
note = {(Accessed on 03/04/2024)}
}

@inproceedings{agrawal1994fast,
  title={Fast algorithms for mining association rules},
  author={Agrawal, Rakesh and Srikant, Ramakrishnan},
  booktitle={Proc. 20th int. conf. very large data bases, VLDB},
  volume={1215},
  year={1994}
}

@book{molnar2022,
  title      = {Interpretable Machine Learning},
  author     = {Christoph Molnar},
  year       = {2022},
  subtitle   = {A Guide for Making Black Box Models Explainable},
  edition    = {2},
  url        = {https://christophm.github.io/interpretable-ml-book}
}

@article{xaioverview,
author = {Stiglic, Gregor and Kocbek, Primoz and Fijacko, Nino and Zitnik, Marinka and Verbert, Katrien and Cilar, Leona},
title = {Interpretability of machine learning-based prediction models in healthcare},
journal = {WIREs Data Mining and Knowledge Discovery},
volume = {10},
number = {5},
pages = {e1379},
keywords = {interpretability, machine learning, model agnostic, model specific, prediction models},
doi = {https://doi.org/10.1002/widm.1379},
url = {https://wires.onlinelibrary.wiley.com/doi/abs/10.1002/widm.1379},
eprint = {https://wires.onlinelibrary.wiley.com/doi/pdf/10.1002/widm.1379},
year = {2020}
}


@misc{42Permut82:online,
author = {},
title = {4.2. Permutation feature importance — scikit-learn 1.4.1 documentation},
howpublished = {\url{https://scikit-learn.org/stable/modules/permutation_importance.html}},
month = {},
year = {},
note = {(Accessed on 03/04/2024)}
}

@misc{barplot—98:online,
author = {},
title = {bar plot — SHAP latest documentation},
howpublished = {\url{https://shap.readthedocs.io/en/latest/example_notebooks/api_examples/plots/bar.html}},
month = {},
year = {},
note = {(Accessed on 03/05/2024)}
}

@misc{shapKern53:online,
author = {},
title = {shap.KernelExplainer — SHAP latest documentation},
howpublished = {\url{https://shap-lrjball.readthedocs.io/en/latest/generated/shap.KernelExplainer.html}},
month = {},
year = {},
note = {(Accessed on 03/05/2024)}
}

@misc{FiveKeyT68:online,
  author = {Thomas H. Davenport and Randy Bean},
  title = {Five Key Trends in AI and Data Science for 2024},
  howpublished = {\url{https://sloanreview.mit.edu/article/five-key-trends-in-ai-and-data-science-for-2024/}},
  month = {Sep},
  year = {2024},
  note = {(Accessed on 03/10/2024)}
}

@misc{mlxtend35:online,
author = {},
title = {mlxtend},
howpublished = {\url{https://rasbt.github.io/mlxtend/}},
month = {},
year = {},
note = {(Accessed on 03/11/2024)}
}
@InProceedings{zipfdistr,
author="Claesen, Casper
and Rafique, Ansar
and Van Landuyt, Dimitri
and Joosen, Wouter",
editor="Nambiar, Raghunath
and Poess, Meikel",
title="A YCSB Workload for Benchmarking Hotspot Object Behaviour in NoSQL Databases",
booktitle="Performance Evaluation and Benchmarking",
year="2022",
publisher="Springer International Publishing",
address="Cham",
pages="1--16",
isbn="978-3-030-94437-7"
}

@article{datasciencelifecycle,
author = {Stodden, Victoria},
year = {2020},
month = {06},
pages = {58-66},
title = {The data science life cycle: a disciplined approach to advancing data science as a science},
volume = {63},
journal = {Communications of the ACM},
doi = {10.1145/3360646}
}